
@Book{test,
  author =	 {Max Mustermann},
  title =	 {Applied Mathmatics},
  publisher =	 {Springer},
  year =	 {2027}
}